% This file was created with Citavi 6.4.0.35

@book{CamiloF.SilvaPh.D..2020,
 author = {{Camilo F. Silva, Ph. D.} and {Kilian F{\"o}rner}, Ph. D. and {Prof. Wolfgang Polifke, Ph. D.}},
 year = {2020},
 title = {Notes on Computational Thermo-Fluid Dynamics (Winter 2020)}
}


@book{Langtangen.2018,
 author = {Langtangen, Hans Petter and Linge, Svein},
 year = {2018},
 title = {Finite Difference Computing with PDEs: A Modern Software Approach},
 price = {Previously published in hardcover : EUR 53.49 (DE) (freier Preis), EUR 54.99 (AT) (freier Preis), CHF 66.61 (freier Preis)},
 address = {Cham},
 edition = {Softcover reprint of the original 1st edition 2017},
 volume = {16},
 publisher = {{Springer International Publishing} and Springer},
 isbn = {3319856669},
 series = {Texts in Computational Science and Engineering},
 institution = {{Springer International Publishing}},
 file = {http://deposit.dnb.de/cgi-bin/dokserv?id=771e3a4017894485926af9e153d18cc2&prov=M&dok_var=1&dok_ext=htm},
 file = {http://d-nb.info/1164657372},
 file = {http://www.springer.com/}
}


@book{Stocker.2018,
 year = {2018},
 title = {Taschenbuch der Physik: Formeln, Tabellen, {\"U}bersichten},
 price = {EUR 30.90 (DE)},
 address = {Haan-Gruiten},
 edition = {8. Auflage},
 publisher = {{Verlag Europa Lehrmittel Nourney Vollmer GmbH {\&} Co. KG}},
 isbn = {380855875X},
 series = {Europa Lehrmittel},
 editor = {St{\"o}cker, Horst}
}


